<record><leader>00000cas a2200000Ma 4500</leader><controlfield tag="001">960228834</controlfield><controlfield tag="008">000609c18699999kyudr nso     0   a0eng d</controlfield><datafield ind1=" " ind2=" " tag="010"><subfield code="a">  2006213250</subfield></datafield><datafield ind1=" " ind2=" " tag="040"><subfield code="a">MYTML</subfield><subfield code="b">eng</subfield><subfield code="c">MYTML</subfield><subfield code="d">OCLCO</subfield><subfield code="d">OCLCF</subfield><subfield code="d">OCLCQ</subfield></datafield><datafield ind1=" " ind2=" " tag="022"><subfield code="a">1930-2185</subfield><subfield code="y">1930-2177</subfield></datafield><datafield ind1=" " ind2=" " tag="043"><subfield code="a">n-us-ky</subfield></datafield><datafield ind1="0" ind2="4" tag="245"><subfield code="a">The courier-journal.</subfield></datafield><datafield ind1="3" ind2="0" tag="246"><subfield code="a">Courier journal.com</subfield></datafield><datafield ind1=" " ind2=" " tag="260"><subfield code="a">Louisville, Ky. :</subfield><subfield code="b">The Courier-Journal,</subfield><subfield code="c">1869-</subfield></datafield><datafield ind1=" " ind2=" " tag="310"><subfield code="a">Daily</subfield></datafield><datafield ind1=" " ind2=" " tag="336"><subfield code="a">text</subfield><subfield code="b">txt</subfield><subfield code="2">rdacontent</subfield></datafield><datafield ind1=" " ind2=" " tag="337"><subfield code="a">computer</subfield><subfield code="b">c</subfield><subfield code="2">rdamedia</subfield></datafield><datafield ind1=" " ind2=" " tag="338"><subfield code="a">online resource</subfield><subfield code="b">cr</subfield><subfield code="2">rdacarrier</subfield></datafield><datafield ind1="1" ind2=" " tag="362"><subfield code="a">Print began in 1869.</subfield></datafield><datafield ind1=" " ind2=" " tag="538"><subfield code="a">Mode of access: World Wide Web.</subfield></datafield><datafield ind1="0" ind2=" " tag="588"><subfield code="a">Apr. 6, 2000; title from title screen.</subfield></datafield><datafield ind1="1" ind2=" " tag="588"><subfield code="a">Feb. 21, 2006 (publisher's Web site viewed on Feb. 22, 2006).</subfield></datafield><datafield ind1=" " ind2="0" tag="651"><subfield code="a">Louisville (Ky.)</subfield><subfield code="v">Newspapers.</subfield></datafield><datafield ind1=" " ind2="7" tag="651"><subfield code="a">Kentucky</subfield><subfield code="z">Louisville.</subfield><subfield code="2">fast</subfield><subfield code="0">(OCoLC)fst01204602</subfield></datafield><datafield ind1=" " ind2="0" tag="655"><subfield code="a">Electronic journals.</subfield></datafield><datafield ind1=" " ind2="7" tag="655"><subfield code="a">Newspapers.</subfield><subfield code="2">fast</subfield><subfield code="0">(OCoLC)fst01423814</subfield></datafield><datafield ind1=" " ind2="7" tag="655"><subfield code="a">Periodicals.</subfield><subfield code="2">fast</subfield><subfield code="0">(OCoLC)fst01411641</subfield></datafield><datafield ind1="2" ind2=" " tag="710"><subfield code="a">Lexis.</subfield></datafield><datafield ind1="1" ind2=" " tag="776"><subfield code="t">Courier-journal (Louisville, KY. : 1869 : Daily)</subfield><subfield code="x">1930-2177</subfield><subfield code="w">(DLC)sn 83045188</subfield><subfield code="w">(OCoLC)6637888</subfield></datafield></record>